<record xmlns="http://www.loc.gov/MARC21/slim" xmlns:xsi="http://www.w3.org/2001/XMLSchema-instance" xsi:schemaLocation="http://www.loc.gov/MARC21/slim http://www.loc.gov/standards/marcxml/schema/MARC21slim.xsd"><leader>01926nam a2200313   4500</leader><controlfield tag="001">1909262</controlfield><controlfield tag="003">NIC</controlfield><controlfield tag="006">m        d        </controlfield><controlfield tag="007">cr cn |||m|||a</controlfield><controlfield tag="008">150113q19001991ua      o     000 0 ara d</controlfield><datafield ind1=" " ind2=" " tag="040"><subfield code="a">NNU</subfield><subfield code="b">eng</subfield><subfield code="c">NNU</subfield></datafield><datafield ind1="1" ind2=" " tag="100"><subfield code="6">880-01</subfield><subfield code="a">Bura&#699;i&#772;, &#699;Abd al-Rah&#803;i&#772;m ibn Ah&#803;mad.</subfield></datafield><datafield ind1="1" ind2="0" tag="245"><subfield code="6">880-02</subfield><subfield code="a">Di&#772;wa&#772;n al-Bura&#699;i&#772;</subfield><subfield code="h">[electronic resource] :</subfield><subfield code="b">fi&#772; al-qas&#803;a&#772;&#700;id al-rabbani&#772;yah wa-al-Muh&#803;ammadi&#772;yah wa-al-S&#803;u&#772;fi&#772;yah /</subfield><subfield code="c">li-&#699;Abd al-Rah&#803;i&#772;m al-Bura&#699;i&#772;.</subfield></datafield><datafield ind1=" " ind2=" " tag="260"><subfield code="6">880-03</subfield><subfield code="a">al-Qa&#772;hirah :</subfield><subfield code="b">Mu&#700;assasat al-Mat&#803;bu&#772;&#699;a&#772;t al-Isla&#772;mi&#772;yah,</subfield><subfield code="c">[19--]</subfield></datafield><datafield ind1=" " ind2=" " tag="300"><subfield code="a">online resource (213 p.)</subfield></datafield><datafield ind1=" " ind2=" " tag="500"><subfield code="a">Cover title: Sharh&#803; Di&#772;wa&#772;n al-Bura&#699;i&#772; fi&#772; al-mada&#772;&#700;ih&#803; al-rabba&#772;ni&#772;yah wa-al-nabawi&#772;yah wa-al-s&#803;u&#772;fi&#772;yah.</subfield></datafield><datafield ind1=" " ind2=" " tag="500"><subfield code="a">Part of the Arabic Collections Online (ACO) project, contributed by Cornell University Libraries.</subfield></datafield><datafield ind1=" " ind2=" " tag="533"><subfield code="a">Electronic reproduction.</subfield><subfield code="b">New York, N.Y. :</subfield><subfield code="c">New York University,</subfield><subfield code="d">2015.</subfield><subfield code="5">NNU</subfield></datafield><datafield ind1="2" ind2=" " tag="710"><subfield code="a">Cornell University.</subfield><subfield code="b">Libraries.</subfield></datafield><datafield ind1="0" ind2=" " tag="730"><subfield code="a">Arabic Collections Online.</subfield></datafield><datafield ind1="0" ind2=" " tag="740"><subfield code="6">880-04</subfield><subfield code="a">Sharh&#803; di&#772;wa&#772;n al-Bura&#699;i&#772; fi&#772; al-mada&#772;&#700;ih&#803; al-rabba&#772;ni&#772;yah wa-al-nabawi&#772;yah wa-al-s&#803;u&#772;fi&#772;yah.</subfield></datafield><datafield ind1="0" ind2="8" tag="776"><subfield code="i">Print version:</subfield><subfield code="a">Bura&#699;i&#772;, &#699;Abd al-Rah&#803;i&#772;m ibn Ah&#803;mad.</subfield><subfield code="t">Di&#772;wa&#772;n al-Bura&#699;i&#772;</subfield><subfield code="w">(NIC)1909262</subfield><subfield code="w">(OCoLC)64680417</subfield></datafield><datafield ind1="4" ind2="0" tag="856"><subfield code="u">http://hdl.handle.net/2333.1/4j0zpffc</subfield></datafield><datafield ind1="1" ind2=" " tag="880"><subfield code="6">100-01/r</subfield><subfield code="a">&#1576;&#1585;&#1593;&#1610;&#1548; &#1593;&#1576;&#1583; &#1575;&#1604;&#1585;&#1581;&#1610;&#1605; &#1576;&#1606; &#1575;&#1581;&#1605;&#1583;.</subfield></datafield><datafield ind1="1" ind2="0" tag="880"><subfield code="6">245-02/r</subfield><subfield code="a">&#1583;&#1610;&#1608;&#1575;&#1606; &#1575;&#1604;&#1576;&#1585;&#1593;&#1610; :</subfield><subfield code="b">&#1601;&#1610; &#1575;&#1604;&#1602;&#1589;&#1575;&#1574;&#1583; &#1575;&#1604;&#1585;&#1576;&#1606;&#1610;&#1577; &#1608;&#1575;&#1604;&#1605;&#1581;&#1605;&#1583;&#1610;&#1577; &#1608;&#1575;&#1604;&#1589;&#1608;&#1601;&#1610;&#1577; /</subfield><subfield code="c">&#1604;&#1593;&#1576;&#1583; &#1575;&#1604;&#1585;&#1581;&#1610;&#1605; &#1575;&#1604;&#1576;&#1585;&#1593;&#1610;.</subfield></datafield><datafield ind1=" " ind2=" " tag="880"><subfield code="6">260-03/r</subfield><subfield code="a">&#1575;&#1604;&#1602;&#1575;&#1607;&#1585;&#1577; :</subfield><subfield code="b">&#1605;&#1572;&#1587;&#1587;&#1577; &#1575;&#1604;&#1605;&#1591;&#1576;&#1608;&#1593;&#1575;&#1578; &#1575;&#1604;&#1575;&#1587;&#1604;&#1575;&#1605;&#1610;&#1577;&#1548;</subfield><subfield code="c">[19--]</subfield></datafield><datafield ind1="0" ind2=" " tag="880"><subfield code="6">740-04/r</subfield><subfield code="a">&#1588;&#1585;&#1581; &#1583;&#1610;&#1608;&#1575;&#1606; &#1575;&#1604;&#1576;&#1585;&#1593;&#1610; &#1601;&#1610; &#1575;&#1604;&#1605;&#1583;&#1575;&#1574;&#1581; &#1575;&#1604;&#1585;&#1576;&#1575;&#1606;&#1610;&#1577; &#1608;&#1575;&#1604;&#1606;&#1576;&#1608;&#1610;&#1577; &#1608;&#1575;&#1604;&#1589;&#1608;&#1601;&#1610;&#1577;.</subfield></datafield><datafield ind1=" " ind2=" " tag="959"><subfield code="a">NNU</subfield><subfield code="b">WEB</subfield><subfield code="c">GENI</subfield><subfield code="t">0</subfield><subfield code="m">Electronic access</subfield><subfield code="s">01</subfield></datafield><datafield ind1=" " ind2=" " tag="999"><subfield code="i">NIC_1909262</subfield><subfield code="o">(OCoLC)ocm64680417</subfield></datafield></record>